@book{batty2018inventing,
  title={Inventing future cities},
  author={Batty, Michael},
  year={2018},
  publisher={MIT press}
}


@article{paez2004network,
  title={Network accessibility and the spatial distribution of economic activity in Eastern Asia},
  author={Paez, Antonio},
  journal={Urban Studies},
  volume={41},
  number={11},
  pages={2211--2230},
  year={2004},
  publisher={Sage Publications Sage UK: London, England}
}

@book{pumain2017urban,
  title={Urban dynamics and simulation models},
  author={Pumain, Denise and Reuillon, Romain},
  year={2017},
  publisher={Springer}
}

@article{cura2018historical,
  title={Historical collaborative geocoding},
  author={Cura, R{\'e}mi and Dumenieu, Bertrand and Abadie, Nathalie and Costes, Benoit and Perret, Julien and Gribaudi, Maurizio},
  journal={ISPRS International Journal of Geo-Information},
  volume={7},
  number={7},
  pages={262},
  year={2018},
  publisher={Multidisciplinary Digital Publishing Institute}
}


@article{el2022urban,
  title={Urban morphogenesis analysis based on geohistorical road data},
  author={El Gouj, Hanae and Rinc{\'o}n-Acosta, Christian and Lagesse, Claire},
  journal={Applied Network Science},
  volume={7},
  number={1},
  pages={1--26},
  year={2022},
  publisher={Springer}
}


@book{sanders2018peupler,
  title={Peupler la terre: De la pr{\'e}histoire {\`a} lâ€™{\`e}re des m{\'e}tropoles},
  author={Sanders, Lena},
  year={2018},
  publisher={Presses universitaires Fran{\c{c}}ois-Rabelais}
}


@article{kandt2021smart,
  title={Smart cities, big data and urban policy: Towards urban analytics for the long run},
  author={Kandt, Jens and Batty, Michael},
  journal={Cities},
  volume={109},
  pages={102992},
  year={2021},
  publisher={Elsevier}
}

@book{rozenblat2018international,
  title={International and transnational perspectives on urban systems},
  author={Rozenblat, C{\'e}line and Pumain, Denise and Velasquez, Elkin},
  year={2018},
  publisher={Springer}
}

@misc{soduco,
title={Social Dynamics in Urban Context},
howpublished={Open tools, models and data - Paris and its suburbs, 1789-1950. https://soduco.github.io/}
}

@article{raimbault2021characterising,
  title={Characterising and modeling the co-evolution of transportation networks and territories},
  author={Raimbault, Juste},
  journal={arXiv preprint arXiv:2110.15950},
  year={2021}
}

@article{brunsdon1998geographically,
  title={Geographically weighted regression},
  author={Brunsdon, Chris and Fotheringham, Stewart and Charlton, Martin},
  journal={Journal of the Royal Statistical Society: Series D (The Statistician)},
  volume={47},
  number={3},
  pages={431--443},
  year={1998},
  publisher={Wiley Online Library}
}


