



@phdthesis{perret2016donnees,
  title={Des donn{\'e}es spatio-temporelles aux dynamiques urbaines},
  author={Perret, Julien},
  year={2016},
  school={Universit{\'e} Paris Est},
  file={NetworksTerritories/HistoricalData/habilitation.pdf}
}



@article{bonin2016analyse,
  title={Analyse de la croissance de r{\'e}seaux de transport sur le moyen terme {\`a} partir de sources cartographiques: comment utiliser la carte de Cassini comme source de donn{\'e}es?},
  author={Bonin, Olivier},
  journal={Flux},
  number={3},
  pages={5--17},
  year={2016},
  publisher={Universit{\'e} Gustave Eiffel},
  file={Biblio/DomainSpecific/History/FLUX_105_0005.pdf}
}





@article{el2022urban,
  title={Urban morphogenesis analysis based on geohistorical road data},
  author={El Gouj, Hanae and Rinc{\'o}n-Acosta, Christian and Lagesse, Claire},
  journal={Applied Network Science},
  volume={7},
  number={1},
  pages={1--26},
  year={2022},
  publisher={Springer},
  file={Biblio/DomainSpecific/Morphogenesis/ElGouj2022_Article_UrbanMorphogenesisAnalysisBase.pdf}
}



