@article{raimbault2020indirect,
  title={Indirect evidence of network effects in a system of cities},
  author={Raimbault, Juste},
  journal={Environment and Planning B: Urban Analytics and City Science},
  volume={47},
  number={1},
  pages={138--155},
  year={2020},
  publisher={SAGE Publications Sage UK: London, England}
}



@incollection{raimbault2021modeling,
  title={Modeling the co-evolution of cities and networks},
  author={Raimbault, Juste},
  booktitle={Handbook of Cities and Networks},
  year={2021},
  publisher={Edward Elgar Publishing}
}


@incollection{raimbault2022hierarchy,
  title={Hierarchy and co-evolution processes in urban systems},
  author={Raimbault, Juste},
  booktitle={forthcoming in Fen-Chong J., ed., \textit{Centralities and Hierarchy of Networks and Territories} arXiv:2001.11989},
  year={2022},
  publisher={ISTE Editions}
}


@inproceedings{raimbault2017identification,
  title={Identification de causalit{\'e}s dans des donn{\'e}es spatio-temporelles},
  author={Raimbault, Juste},
  booktitle={Spatial Analysis and GEOmatics 2017},
  year={2017}
}


@article{raimbault2019modeling,
  title={Modeling interactions between transportation networks and territories: a co-evolution approach},
  author={Raimbault, Juste},
  journal={arXiv preprint arXiv:1902.04802},
  year={2019}
}


@article{raimbault2018calibration,
  title={Calibration of a density-based model of urban morphogenesis},
  author={Raimbault, Juste},
  journal={PloS one},
  volume={13},
  number={9},
  pages={e0203516},
  year={2018},
  publisher={Public Library of Science San Francisco, CA USA}
}

@incollection{raimbault2019urban,
  title={An urban morphogenesis model capturing interactions between networks and territories},
  author={Raimbault, Juste},
  booktitle={The mathematics of urban morphology},
  pages={383--409},
  year={2019},
  publisher={Springer}
}


@inproceedings{raimbault2018multi,
  title={Multi-modeling the morphogenesis of transportation networks},
  author={Raimbault, Juste},
  booktitle={Artificial Life Conference Proceedings},
  pages={382--383},
  year={2018},
  organization={MIT Press}
}

@article{raimbault2021introducing,
  title={Introducing endogenous transport provision in a LUTI model to explore polycentric governance systems},
  author={Raimbault, Juste and Le N{\'e}chet, Florent},
  journal={Journal of Transport Geography},
  volume={94},
  pages={103115},
  year={2021},
  publisher={Elsevier}
}


@article{raimbault2019second,
  title={Second-order control of complex systems with correlated synthetic data},
  author={Raimbault, Juste},
  journal={Complex Adaptive Systems Modeling},
  volume={7},
  number={1},
  pages={1--19},
  year={2019},
  publisher={Springer}
}


@inproceedings{raimbault2019generating,
  title={Generating urban morphologies at large scales},
  author={Raimbault, Juste and Perret, Julien},
  booktitle={ALIFE 2019: The 2019 Conference on Artificial Life},
  pages={179--186},
  year={2019},
  organization={MIT Press}
}




@article{raimbault2019space,
  title={Space Matters: Extending Sensitivity Analysis to Initial Spatial Conditions in Geosimulation Models},
  author={Raimbault, Juste and Cottineau, Cl{\'e}mentine and Le Texier, Marion and Le Nechet, Florent and Reuillon, Romain},
  journal={Journal of Artificial Societies and Social Simulation},
  volume={22},
  number={4},
  year={2019},
  publisher={JASSS}
}


@article{yao2021survey,
  title={A Survey on Causal Inference},
  author={Yao, Liuyi and Chu, Zhixuan and Li, Sheng and Li, Yaliang and Gao, Jing and Zhang, Aidong},
  journal={ACM Transactions on Knowledge Discovery from Data (TKDD)},
  volume={15},
  number={5},
  pages={1--46},
  year={2021},
  publisher={ACM New York, NY, USA}
}

@book{lechner2011estimation,
  title={The estimation of causal effects by difference-in-difference methods},
  author={Lechner, Michael and others},
  year={2011},
  publisher={Now Hanover, MA}
}

@article{baiocchi2014instrumental,
  title={Instrumental variable methods for causal inference},
  author={Baiocchi, Michael and Cheng, Jing and Small, Dylan S},
  journal={Statistics in medicine},
  volume={33},
  number={13},
  pages={2297--2340},
  year={2014},
  publisher={Wiley Online Library}
}

@article{ben2021augmented,
  title={The augmented synthetic control method},
  author={Ben-Michael, Eli and Feller, Avi and Rothstein, Jesse},
  journal={Journal of the American Statistical Association},
  number={just-accepted},
  pages={1--34},
  year={2021},
  publisher={Taylor \& Francis}
}


@article{bonnafous1974methodologies,
  title={Les m{\'e}thodologies usuelles de l'{\'e}tude des effets structurants de l'offre de transport},
  author={Bonnafous, Alain and Plassard, Fran{\c{c}}ois},
  journal={Revue {\'e}conomique},
  pages={208--232},
  year={1974},
  publisher={JSTOR}
}

@article{bergeaud2017classifying,
  title={Classifying patents based on their semantic content},
  author={Bergeaud, Antonin and Potiron, Yoann and Raimbault, Juste},
  journal={PloS one},
  volume={12},
  number={4},
  pages={e0176310},
  year={2017},
  publisher={Public Library of Science San Francisco, CA USA}
}





