


@article{brunsdon1998geographically,
  title={Geographically weighted regression},
  author={Brunsdon, Chris and Fotheringham, Stewart and Charlton, Martin},
  journal={Journal of the Royal Statistical Society: Series D (The Statistician)},
  volume={47},
  number={3},
  pages={431--443},
  year={1998},
  publisher={Wiley Online Library}
}

@inproceedings{raimbault2017identification,
  title={Identification de causalit{\'e}s dans des donn{\'e}es spatio-temporelles},
  author={Raimbault, Juste},
  booktitle={Spatial Analysis and GEOmatics 2017},
  year={2017}
}

@inproceedings{dupuy1987vers,
  title={Vers une th{\'e}orie territoriale des r{\'e}seaux: une application au transport urbain},
  author={Dupuy, Gabriel},
  booktitle={Annales de g{\'e}ographie},
  pages={658--679},
  year={1987},
  organization={JSTOR}
}

@incollection{pumain2018evolutionary,
  title={An evolutionary theory of urban systems},
  author={Pumain, Denise},
  booktitle={International and transnational perspectives on urban systems},
  pages={3--18},
  year={2018},
  publisher={Springer}
}

@article{raimbault2019modeling,
  title={Modeling interactions between transportation networks and territories: a co-evolution approach},
  author={Raimbault, J.},
  journal={arXiv preprint arXiv:1902.04802},
  year={2019}
}

@article{el2022urban,
  title={Urban morphogenesis analysis based on geohistorical road data},
  author={El Gouj, Hanae and Rinc{\'o}n-Acosta, Christian and Lagesse, Claire},
  journal={Applied Network Science},
  volume={7},
  number={1},
  pages={1--26},
  year={2022},
  publisher={Springer}
}

@article{cura2018historical,
  title={Historical collaborative geocoding},
  author={Cura, R{\'e}mi and Dumenieu, Bertrand and Abadie, Nathalie and Costes, Benoit and Perret, Julien and Gribaudi, Maurizio},
  journal={ISPRS International Journal of Geo-Information},
  volume={7},
  number={7},
  pages={262},
  year={2018},
  publisher={MDPI}
}

@book{pumain2017urban,
  title={Urban dynamics and simulation models},
  author={Pumain, Denise and Reuillon, Romain},
  year={2017},
  publisher={Springer}
}


@book{sanders2018peupler,
  title={Peupler la terre: De la pr{\'e}histoire {\`a} lâ€™{\`e}re des m{\'e}tropoles},
  author={Sanders, Lena},
  year={2018},
  publisher={Presses universitaires Fran{\c{c}}ois-Rabelais}
}

@article{kandt2021smart,
  title={Smart cities, big data and urban policy: Towards urban analytics for the long run},
  author={Kandt, Jens and Batty, Michael},
  journal={Cities},
  volume={109},
  pages={102992},
  year={2021},
  publisher={Elsevier}
}


@inproceedings{chen2021combining,
  title={Combining deep learning and mathematical morphology for historical map segmentation},
  author={Chen, Yizi and Carlinet, Edwin and Chazalon, Joseph and Mallet, Cl{\'e}ment and Dum{\'e}nieu, Bertrand and Perret, Julien},
  booktitle={International Conference on Discrete Geometry and Mathematical Morphology},
  pages={79--92},
  year={2021},
  organization={Springer}
}


@inproceedings{chen2021vectorization,
  title={Vectorization of historical maps using deep edge filtering and closed shape extraction},
  author={Chen, Yizi and Carlinet, Edwin and Chazalon, Joseph and Mallet, Cl{\'e}ment and Dumenieu, Bertrand and Perret, Julien},
  booktitle={International conference on document analysis and recognition},
  pages={510--525},
  year={2021},
  organization={Springer}
}

